@misc{iea,
 title = {Renewable Energy Essentials: Hydropower. http://www.iea.org/publications/freepublications/publication/hydropower\_essentials.pdf . {A}ccessed on {A}pril, 2016},
 author={International Energy Agency},
 year={2016},
} 

@article{goldemberg2007energia,
  title={Energia e meio ambiente no Brasil},
  author={Goldemberg, Jos{\'e} and Lucon, Oswaldo},
  journal={Estudos Avan{\c{c}}ados},
  volume={21},
  number={59},
  pages={7--20},
  year={2007},
  publisher={SciELO Brasil}
}

@misc{irena,
 title = {RENEWABLE ENERGY TECHNOLOGIES: COST ANALYSIS SERIES. http://www.irena.org/documentdownloads/publications/re\_technologies\_cost\_analysis-hydropower.pdf . {A}ccessed on {A}pril, 2016},
 author={International Renewable Energy Agency},
 year={2016},
} 

@article{krella2011new,
  title={The new parameter to assess cavitation erosion resistance of hard PVD coatings},
  author={Krella, Alicja K},
  journal={Engineering Failure Analysis},
  volume={18},
  number={3},
  pages={855--867},
  year={2011},
  publisher={Elsevier}
}

@article{hazel2012field,
  title={Field repair and construction of large hydropower equipment with a portable robot},
  author={Hazel, Bruce and C{\^o}t{\'e}, Jean and Laroche, Yvan and Mongenot, Patrick},
  journal={Journal of Field Robotics},
  volume={29},
  number={1},
  pages={102--122},
  year={2012},
  publisher={Wiley Online Library}
}

@misc{eia,
 title = {Hydropower supplies more than three-quarters of Brazilâ€™s electric power. https://www.eia.gov/todayinenergy/detail.cfm?id=16731 . {A}ccessed on {A}pril, 2016},
 author={Energy Information Administration (EIA)},
 year={2014},
} 

@article{roboturb,
author = {Bonacorso, Nelso Gauze and Goncalves, Jr a a and Dutra, Jair Carlos},
journal = {Journal of Materials Processing Technology},
keywords = {Cavitation,Hydraulic turbines,Metrology,Robotics,Welding},
number = {1-3},
pages = {231--238},
title = {{Automation of the processes of surface measurement and of deposition by welding for the recovery of rotors of large-scale hydraulic turbines}},
volume = {179},
year = {2006}
}

@article{scompi,
author = {Bibuli, Marco and Caccia, Massimo and Lapierre, Lionel},
doi = {10.1002/rob},
file = {:home/flash/Downloads/20427\_ftp.pdf:pdf},
isbn = {9783902661623},
issn = {14746670},
journal = {IFAC Proceedings Volumes (IFAC-PapersOnline)},
keywords = {Backstepping,Non-linear control,Path-following},
number = {PART 1},
pages = {81--86},
title = {{Path-following algorithms and experiments for an autonomous surface vehicle}},
volume = {7},
year = {2007}
} 

@misc{icm,
 title = {A bold new vision for changing how the world performs work on elevated surfaces. http://www.icm.cc/ . {A}ccessed on {A}pril, 2016},
 author={International Climbing Machines (ICM)},
 year={2013},
} 

@article{li2002effect,
  title={Effect of particle state on the adhesive strength of HVOF sprayed metallic coating},
  author={Li, Chang-Jiu and Wang, Yu-Yue},
  journal={Journal of thermal spray technology},
  volume={11},
  number={4},
  pages={523--529},
  year={2002},
  publisher={Springer}
} 

@article{diankov2008openrave,
  title={Openrave: A planning architecture for autonomous robotics},
  author={Diankov, Rosen and Kuffner, James},
  journal={Robotics Institute, Pittsburgh, PA, Tech. Rep. CMU-RI-TR-08-34},
  volume={79},
  year={2008}
}