@misc{iea,
 title = {Renewable Energy Essentials: Hydropower. http://www.iea.org/publications/freepublications/publication/hydropower\_essentials.pdf . {A}ccessed on {A}pril, 2016},
 author={International Energy Agency},
 year={2016},
} 

@article{goldemberg2007energia,
  title={Energia e meio ambiente no Brasil},
  author={Goldemberg, Jos{\'e} and Lucon, Oswaldo},
  journal={Estudos Avan{\c{c}}ados},
  volume={21},
  number={59},
  pages={7--20},
  year={2007},
  publisher={SciELO Brasil}
}

@misc{irena,
 title = {RENEWABLE ENERGY TECHNOLOGIES: COST ANALYSIS SERIES. http://www.irena.org/documentdownloads/publications/re\_technologies\_cost\_analysis-hydropower.pdf . {A}ccessed on {A}pril, 2016},
 author={International Renewable Energy Agency},
 year={2016},
} 

@article{krella2011new,
  title={The new parameter to assess cavitation erosion resistance of hard PVD coatings},
  author={Krella, Alicja K},
  journal={Engineering Failure Analysis},
  volume={18},
  number={3},
  pages={855--867},
  year={2011},
  publisher={Elsevier}
}